% 文件名: references.bib
% 这是一个BibTeX数据库文件，存储所有参考文献信息。

% --- 书籍引用 ---
@book{knuth1984,
  author    = {Donald E. Knuth},
  title     = {The {\TeX}book},
  year      = {1984},
  publisher = {Addison-Wesley},
  address   = {Reading, Massachusetts}
}

@book{lamport1994,
  author    = {Leslie Lamport},
  title     = {{\LaTeX}: A Document Preparation System},
  year      = {1994},
  publisher = {Addison-Wesley},
  address   = {Reading, Massachusetts}
}

% --- 网页引用 ---
@misc{wiki2025,
  author       = {{OI Wiki Team}},
  title        = {LaTeX 入门},
  howpublished = {\url{https://oi-wiki.org/tools/latex}},
  year         = {2025},
  note         = {访问日期: 2025-08-31}
}