@book{knuth1984,
  author    = {Donald E. Knuth},
  title     = {The {\TeX}book},
  year      = {1984},
  publisher = {Addison-Wesley},
  address   = {Reading, Massachusetts}
}