% 文件名: references.bib
% 在实例9的基础上添加了新条目

@book{knuth1984,
  author    = {Donald E. Knuth},
  title     = {The {\TeX}book},
  year      = {1984},
  publisher = {Addison-Wesley},
  address   = {Reading, Massachusetts}
}

@book{lamport1994,
  author    = {Leslie Lamport},
  title     = {{\LaTeX}: A Document Preparation System},
  year      = {1994},
  publisher = {Addison-Wesley},
  address   = {Reading, Massachusetts}
}

@misc{wiki2025,
  author       = {{OI Wiki Team}},
  title        = {LaTeX 入门},
  howpublished = {\url{https://oi-wiki.org/tools/latex}},
  year         = {2025},
  note         = {访问日期: 2025-08-31}
}

% --- 新增条目用于演示 ---
@book{book2020,
  author    = {张三 and 李四},
  title     = {高级LaTeX技术},
  year      = {2020},
  publisher = {科技出版社},
  address   = {北京}
}