@book{knuth1984,
  author    = {Donald E. Knuth},
  title     = {The {\TeX}book},
  year      = {1984},
  publisher = {Addison-Wesley},
  address   = {Reading, Massachusetts}
}

@book{lamport1994,
  author    = {Leslie Lamport},
  title     = {{\LaTeX}: A Document Preparation System},
  year      = {1994},
  publisher = {Addison-Wesley},
  address   = {Reading, Massachusetts}
}